@article{hrnvcivr2016practical,
  title={Practical Multicriteria Urban Bicycle Routing},
  author={Hrn{\v{c}}{\'\i}{\v{r}}, Jan and {\v{Z}}ileck{\`y}, Pavol and Song, Qing and Jakob, Michal},
  journal={IEEE Transactions on Intelligent Transportation Systems},
  year={2016},
  publisher={IEEE}
}

@inproceedings{navigation-made-personal,
author = {Delling, Daniel and Goldberg, Andrew V. and Goldszmidt, Moises and Krumm, John and Talwar, Kunal and Werneck, Renato F.},
title = {Navigation Made Personal: Inferring Driving Preferences from GPS Traces},
year = {2015},
month = {November},
url = {https://www.microsoft.com/en-us/research/publication/navigation-made-personal-inferring-driving-preferences-gps-traces/},
}

@article{lecun1998gradient,
  title={Gradient-based learning applied to document recognition},
  author={LeCun, Yann and Bottou, L{\'e}on and Bengio, Yoshua and Haffner, Patrick},
  journal={Proceedings of the IEEE},
  volume={86},
  number={11},
  pages={2278--2324},
  year={1998},
  publisher={IEEE}
}

@inproceedings{deng2009imagenet,
  title={Imagenet: A large-scale hierarchical image database},
  author={Deng, Jia and Dong, Wei and Socher, Richard and Li, Li-Jia and Li, Kai and Fei-Fei, Li},
  booktitle={Computer Vision and Pattern Recognition, 2009. CVPR 2009. IEEE Conference on},
  pages={248--255},
  year={2009},
  organization={IEEE}
}

@article{Russakovsky2014,
  author    = {Olga Russakovsky and
               Jia Deng and
               Hao Su and
               Jonathan Krause and
               Sanjeev Satheesh and
               Sean Ma and
               Zhiheng Huang and
               Andrej Karpathy and
               Aditya Khosla and
               Michael S. Bernstein and
               Alexander C. Berg and
               Fei{-}Fei Li},
  title     = {ImageNet Large Scale Visual Recognition Challenge},
  journal   = {CoRR},
  volume    = {abs/1409.0575},
  year      = {2014},
  url       = {http://arxiv.org/abs/1409.0575},
  timestamp = {Wed, 07 Jun 2017 14:41:16 +0200},
  biburl    = {http://dblp.uni-trier.de/rec/bib/journals/corr/RussakovskyDSKSMHKKBBF14},
  bibsource = {dblp computer science bibliography, http://dblp.org}
}

@online{japanese-cucumber,
  author = {Kaz Sato},
  title = {How a Japanese cucumber farmer is using deep learning and TensorFlow},
  year = 2016,
  howpublished = {\url{https://cloud.google.com/blog/big-data/2016/08/how-a-japanese-cucumber-farmer-is-using-deep-learning-and-tensorflow}},
  url = {https://cloud.google.com/blog/big-data/2016/08/how-a-japanese-cucumber-farmer-is-using-deep-learning-and-tensorflow},
  urldate = {2016-08-31}
}





